<?xml version="1.0" encoding="UTF-8"?><collection xmlns="http://www.loc.gov/MARC21/slim"><record><leader>00334nam--2200121-i-4500</leader><controlfield tag="001">000046791</controlfield><controlfield tag="002">20161230</controlfield><controlfield tag="005">20161230201046</controlfield><controlfield tag="008">060222s1000------------r-----000-0-eng-d</controlfield><datafield ind1=" " ind2=" " tag="100"><subfield code="a">Vogt,W.J</subfield></datafield><datafield ind1=" " ind2=" " tag="245"><subfield code="a">Atomic power for peace. vol.5:glossary of common atomic terms</subfield></datafield><datafield ind1=" " ind2=" " tag="260"><subfield code="a">Johannesburg, Atomic Power Review, 1956-1957</subfield></datafield><datafield ind1=" " ind2=" " tag="852"><subfield code="a">5561</subfield></datafield></record></collection>